@article{edler1992aliasing,
  title={Aliasing reduction in sub-bands of cascaded filter banks with decimation},
  author={Edler, Bernd},
  journal={Electronics Letters},
  volume={12},
  number={28},
  pages={1104--1106},
  year={1992}
}
@article{liu1997design,
  title={The design of a hybrid filter bank for the psychoacoustic model in ISO/MPEG phases 1, 2 audio encoder},
  author={Liu, Chi-Min and Lee, Wen-Chieh},
  journal={IEEE transactions on consumer electronics},
  volume={43},
  number={3},
  pages={586--592},
  year={1997},
  publisher={IEEE}
}
@article{princen1986analysis,
  title={Analysis/synthesis filter bank design based on time domain aliasing cancellation},
  author={Princen, John and Bradley, Alan},
  journal={IEEE Transactions on Acoustics, Speech, and Signal Processing},
  volume={34},
  number={5},
  pages={1153--1161},
  year={1986},
  publisher={IEEE}
}
